@inproceedings{Mechtaev15,
  author    = {Sergey Mechtaev and Jooyong Yi and Abhik Roychoudhury},
  title     = {{DirectFix}: {Looking} for Simple Program Repairs},
  booktitle = {ICSE}, 
  year      = {2015},
}

@inproceedings{nopol,
 author = {DeMarco, Favio and Xuan, Jifeng and Le Berre, Daniel and Monperrus, Martin},
 title = {Automatic Repair of Buggy if Conditions and Missing Preconditions with SMT},
 booktitle = {CSTVA}, 
 year = {2014},
}

@inproceedings{Qi15,
 author = {Zichao Qi and Fan Long and Sara Achour and Martin Rinard},
 title = {An Analysis of Patch Plausibility and Correctness for Generate-and-validate Patch Generation Systems},
 booktitle = {ISSTA}, 
 year = {2015},
 isbn = {978-1-4503-3620-8},
 pages = {24--36},
 doi = {10.1145/2771783.2771791},
}

@inproceedings{Jones05,
 author = {Jones, James A. and Harrold, Mary Jean},
 title = {Empirical evaluation of the tarantula automatic fault-localization technique},
 booktitle = { 20th IEEE/ACM international Conference on Automated software engineering}, 
 year = {2005},
 pages = {273--282},
}

@inproceedings{Barr14fse,
  author = {Earl T. Barr and Yuriy Brun and Premkumar Devanbu and Mark Harman and Federica Sarro},
  title = {The Plastic Surgery Hypothesis},
  booktitle = {FSE},
  venue = {FSE},
  year = {2014},
  date = {16--22},
	pages = {306--317},

}
@inproceedings{Qi13, 
  author={Yuhua Qi and Xiaoguang Mao and Yan Lei}, 
  booktitle={International Conference on Software Maintenance (ICSM)}, 
  title={Efficient Automated Program Repair through Fault-Recorded Testing Prioritization}, 
  year={2013}, 
  month=sep, 
  pages={180--189}, 
}

@inproceedings{Weimer13,
  title = {Leveraging Program Equivalence for Adaptive Program Repair: {Models} and First Results},
  author = {Westley Weimer and Zachary P. Fry and Stephanie Forrest},
	booktitle = {IEEE/ACM International Conference on Automated Software Engineering (ASE)},
  address = {Palo Alto, CA, USA},
  year = {2013}
}

@inproceedings{dyer2013,
  author = {Dyer, Robert and Nguyen, Hoan Anh and Rajan, Hridesh and Nguyen, Tien N.},
  title = {Boa: A Language and Infrastructure for Analyzing Ultra-Large-Scale Software Repositories},
  booktitle = {ICSE},
  year = {2013},
  pages = {422--431},
}

@inproceedings{zhong2015,
  author    = {Hao Zhong and
               Zhendong Su},
  title     = {An Empirical Study on Real Bug Fixes},
  booktitle = {ICSE} ,
  pages     = {913--923},
  year      = {2015},
}

@article{pan2009,
  title={Toward an understanding of bug fix patterns},
  author={Pan, Kai and Kim, Sunghun and Whitehead Jr, E James},
  journal={Empirical Software Engineering},
  volume={14},
  number={3},
  pages={286--315},
  year={2009},
  publisher={Springer}
}


@article{fan15,
  title={Staged Program Repair with Condition Synthesis},
  author={Long, Fan and Rinard, Martin},
  journal={ESEC/FSE’15},
  year={2015},
  publisher={ESEC/FSE}
}

@article{long15,
  title={Prophet: Automatic Patch Generation via Learning from Successful Patches},
  author={Long, Fan and Rinard, Martin},
  journal={Computer Science and Artificial Intelligence Laboratory Technical Report},
  year={2015},
  publisher={Computer Science and Artificial Intelligence Laboratory Technical Report}
}

@article{QiYuhua13,
  title={Efficient Automated Program Repair through Fault-Recorded Testing Prioritization},
  author={Qi, Yuhua and Mao, Xiaoguang and Lei, Yan},
  journal={IEEE},
  year={2013},
  publisher={IEEE}
}

@article{Soto15,
  title={A Deeper Look into Bug Fixes: Patterns, Replacements, Deletions, and Additions},
  author={Soto, Mauricio and Thung, Ferdian and Wong, Chu-Pan and Le Goues, Claire and Lo, David},
  journal={MSR},
  year={2015},
  publisher={MSR}
}


@article{Weimer13,
  title={Leveraging program equivalence for adaptive program repair: Models and first results},
  author={Weimer, Westley and Fry, Zachary P. and Forrest, Stephanie},
  journal={ASE’13},
  year={2013},
    pages={356--366},
  publisher={ASE’13}
}
	
@inproceedings{kim2013,
  title={Automatic patch generation learned from human-written patches},
  author={Kim, Dongsun and Nam, Jaechang and Song, Jaewoo and Kim, Sunghun},
  booktitle={ICSE}, 
  pages={802--811},
  year={2013},
}
	
@inproceedings{fry2010,
  title={A human study of fault localization accuracy},
  author={Fry, Zachary P and Weimer, Westley},
  booktitle={Software Maintenance (ICSM), 2010 IEEE International Conference on},
  pages={1--10},
  year={2010},
  organization={IEEE}
}

@article{legoues2012,
  title={Genprog: A generic method for automatic software repair},
  author={Le Goues, Claire and Nguyen, ThanhVu and Forrest, Stephanie and Weimer, Westley},
  booktitle={IEEE Transactions on Software Engineering},
  volume={38},
  number={1},
  pages={54--72},
  year={2012},
  publisher={IEEE}
}

@article{smith15,
  title={Is the Cure Worse Than the Disease? Overfitting in Automated Program Repair},
  author={Smith, Edward K. and Barr, Earl T. and Le Goues, Claire and Brun, Yuriy},
  journal={ESEC/FSE’15},
  year={2015},
  publisher={ESEC/FSE}
}

@article{jin11,
  title={Automated Atomicity-Violation Fixing},
  author={Jin, Guoliang and Song, Linhai and Zhang, Wei and Lu, Shan and Liblit, Ben},
  journal={PLDI’11},
  year={2011},
  publisher={PLDI}
}

@article{pei14,
  title={Automated Fixing of Programs with Contracts},
  author={Pei, Yu and Furia, Carlo A. and  Nordio, Martin and Wei, Yi and Meyer, Bertrand and Zeller, Andreas},
  volume={40},
  number={5},
  journal={IEEE TRANSACTIONS ON SOFTWARE ENGINEERING},
  year={2014},
  publisher={IEEE}
}

@article{Chen02,
  title={Pinpoint: Problem Determination in Large, Dynamic Internet Services},
  author={Chen, Mike Y. and Kiciman, Emre and Fratkin, Eugene and Fox, Armando and Brewer, Eric},
  journal={International Conference on Dependable Systems and Networks},
  year={2002},
}

@article{Jones13,
  title={Using Automated Program Repair for Evaluating the Effectiveness of Fault Localization Techniques},
  author={Qi, Yuhua and Mao, Xiaoguang and Lei, Yan and Wang, Chengsong},
  journal={ISSTA 13},
  year={2013},
  publisher={ISSTA}
}

@article{Jones02,
  title={Visualization of Test Information to Assist Fault Localization},
  author={Jones, James A. and Harrold, Mary Jean and Stasko, John},
  journal={ICSE 02},
  year={2002},
  publisher={ICSE}
}

@inproceedings{Weimer13,
  title=Leveraging Program Equivalence for Adaptive Program Repair: Models and First Results},
  author={Weimer, Westley and Fry, Zachary P. and Forrest, Stephanie},
  journal={ASE},
  year={2013},
  pages={356–366},
  publisher={ASE}
}



@inproceedings{legoues12,
  title={A systematic study of automated program repair: fixing 55 out of 105 bugs for \$8 each},
  author={Weimer, Westley and Dewey-Vogt, Michael and Le Goues, Claire and Forrest, Stephanie},
  journal={34th International Conference on Software Engineering},
  year={2012},
  publisher={ICSE}
}

@inproceedings{weimer2009,
  title={Automatically finding patches using genetic programming},
  author={Weimer, Westley and Nguyen, ThanhVu and Le Goues, Claire and Forrest, Stephanie},
  booktitle={Proceedings of the 31st International Conference on Software Engineering},
  pages={364--374},
  year={2009},
  organization={IEEE Computer Society}
}

@inproceedings{Long2016,
 author = {Long, Fan and Rinard, Martin},
 title = {Automatic Patch Generation by Learning Correct Code},
 booktitle = {POPL},
 year = {2016},
 numpages = {15},
}

@article{Martinez:2015ez,
author = {Martinez, Matias and Monperrus, Martin},
title = {{Mining software repair models for reasoning on the search space of automated program fixing.}},
journal = {Empirical Software Engineering},
year = {2015},
volume = {20},
number = {1},
pages = {176--205},
publisher = {Springer US},
doi = {10.1007/s10664-013-9282-8},
url = {http://dx.doi.org/10.1007/s10664-013-9282-8},
}

@article{Asaduzzaman:2013df,
author = {Asaduzzaman, Muhammad and Roy, Chanchal K and Schneider, Kevin A and Di Penta, Massimiliano},
title = {{LHDiff: A Language-Independent Hybrid Approach for Tracking Source Code Lines.}},
journal = {ICSM},
year = {2013},
pages = {230--239},
doi = {10.1109/ICSM.2013.34},
url = {http://dx.doi.org/10.1109/ICSM.2013.34},
}


